% This file was created with JabRef 2.8.1.
% Encoding: Cp1252

@book{reinschke2014buch,
    edition = {Auflage: 2., vollst. Ã¼berarb. u. erw. Aufl. 2014},
    title = {Lineare Regelungs- und Steuerungstheorie},
    isbn = {9783642409592},
    publisher = {Springer Vieweg},
    author = {Reinschke, Kurt},
    year = {2014}
}
@book{schwarz2009numerische,
  title={Numerische Mathematik},
  author={Schwarz, H.R. and K{\"o}ckler, N.},
  isbn={9783834892829},
  series={Vieweg Studium},
  url={http://books.google.de/books?id=REcwk9DUpowC},
  year={2009},
  publisher={Vieweg+Teubner Verlag}
}

@book{janschek2009systementwurf,
  title={Systementwurf mechatronischer Systeme: Methoden -- Modelle -- Konzepte},
  author={Janschek, K.},
  isbn={9783540788775},
  url={https://books.google.de/books?id=xIAhBAAAQBAJ},
  year={2009},
  publisher={Springer Berlin Heidelberg}
}

@ARTICLE{FLMR95ijc,
  author = {Fliess, M. and L\'evine, J. and Martin, Ph. and Rouchon, P.},
  title = {Flatness and defect of non-linear systems: introductory theory and
	examples},
  journal = {International Journal of Control},
  year = {1995},
  volume = {61},
  pages = {1327--1361},
  number = {6},
  file = {FLMR95ijc.pdf},
  owner = {knueppel},
  timestamp = {2013.06.06}
}

@BOOK{Mik57de,
  title = {Operatorenrechnung},
  publisher = {{V}{E}{B} Deutscher Verlag der Wissenschaften},
  year = {1957},
  author = {Mikusi{\'n}ski, J.},
  address = {Berlin},
  owner = {knueppel},
  timestamp = {2013.06.06}
}

@BOOK{MittelbachGoosens05,
  title = {Der \LaTeX-Begleiter},
  publisher = {Pearson Studium},
  year = {2005},
  author = {Frank Mittelbach and Michel Goosens},
  edition = {2.},
  owner = {knueppel},
  timestamp = {2013.06.06}
}

@comment{jabref-meta: selector_review:}

@comment{jabref-meta: selector_publisher:}

@comment{jabref-meta: selector_author:}

@comment{jabref-meta: selector_journal:}

@comment{jabref-meta: selector_keywords:}

